<?xml version="1.0" encoding="UTF-8"?>
<zs:searchRetrieveResponse xmlns:zs="http://www.loc.gov/zing/srw/">
  <zs:version>1.1</zs:version>
  <zs:numberOfRecords>4</zs:numberOfRecords>
  <zs:records>
    <zs:record>
      <zs:recordSchema/>
      <zs:recordPacking>xml</zs:recordPacking>
      <zs:recordData>
        <record xmlns="http://www.loc.gov/MARC21/slim">
          <leader>01589cam a2200349 i 4500</leader>
          <controlfield tag="001">1318211</controlfield>
          <controlfield tag="005">20170501141424.0</controlfield>
          <controlfield tag="008">790410r1977    pk af         000 0 eng  </controlfield>
          <datafield tag="906" ind1=" " ind2=" ">
            <subfield code="a">7</subfield>
            <subfield code="b">cbc</subfield>
            <subfield code="c">orignew</subfield>
            <subfield code="d">4</subfield>
            <subfield code="e">ncip</subfield>
            <subfield code="f">19</subfield>
            <subfield code="g">y-gencatlg</subfield>
          </datafield>
          <datafield tag="010" ind1=" " ind2=" ">
            <subfield code="a">   77930264 </subfield>
          </datafield>
          <datafield tag="020" ind1=" " ind2=" ">
            <subfield code="c">Rs120.00</subfield>
          </datafield>
          <datafield tag="035" ind1=" " ind2=" ">
            <subfield code="9">(DLC)   77930264</subfield>
          </datafield>
          <datafield tag="040" ind1=" " ind2=" ">
            <subfield code="a">DLC</subfield>
            <subfield code="c">DLC</subfield>
            <subfield code="d">DLC</subfield>
          </datafield>
          <datafield tag="043" ind1=" " ind2=" ">
            <subfield code="a">a-ii---</subfield>
          </datafield>
          <datafield tag="050" ind1="0" ind2="0">
            <subfield code="a">ND1337.I5</subfield>
            <subfield code="b">V52 1977</subfield>
          </datafield>
          <datafield tag="082" ind1="0" ind2="0">
            <subfield code="a">745.6/7/09542</subfield>
          </datafield>
          <datafield tag="110" ind1="2" ind2=" ">
            <subfield code="a">Victoria and Albert Museum.</subfield>
            <subfield code="b">Indian Section.</subfield>
          </datafield>
          <datafield tag="245" ind1="1" ind2="0">
            <subfield code="a">Indian drawings :</subfield>
            <subfield code="b">thirty Mogul paintings of the school of Jahangir (17th century) and four panels of calligraphy in the Wantage bequest /</subfield>
            <subfield code="c">text by C. Stanley Clarke.</subfield>
          </datafield>
          <datafield tag="260" ind1=" " ind2=" ">
            <subfield code="a">Lahore :</subfield>
            <subfield code="b">Qausain,</subfield>
            <subfield code="c">1977.</subfield>
          </datafield>
          <datafield tag="300" ind1=" " ind2=" ">
            <subfield code="a">4 p, [24] leaves, 24 leaves of plates :</subfield>
            <subfield code="b">ill. ;</subfield>
            <subfield code="c">35 cm.</subfield>
          </datafield>
          <datafield tag="500" ind1=" " ind2=" ">
            <subfield code="a">Cover title.</subfield>
          </datafield>
          <datafield tag="500" ind1=" " ind2=" ">
            <subfield code="a">Reprint of the ed. printed under the authority of H.M. Stationery Office, London, in series: Victorial and Albert museum portfolios.</subfield>
          </datafield>
          <datafield tag="650" ind1=" " ind2="0">
            <subfield code="a">Miniature painting, Mogul Empire</subfield>
            <subfield code="v">Catalogs.</subfield>
          </datafield>
          <datafield tag="650" ind1=" " ind2="0">
            <subfield code="a">Islamic miniature painting</subfield>
            <subfield code="z">India</subfield>
            <subfield code="v">Catalogs.</subfield>
          </datafield>
          <datafield tag="650" ind1=" " ind2="0">
            <subfield code="a">Illumination of books and manuscripts, Mogul Empire</subfield>
            <subfield code="v">Catalogs.</subfield>
          </datafield>
          <datafield tag="650" ind1=" " ind2="0">
            <subfield code="a">Islamic illumination of books and manuscripts</subfield>
            <subfield code="z">India</subfield>
            <subfield code="v">Catalogs.</subfield>
          </datafield>
          <datafield tag="650" ind1=" " ind2="0">
            <subfield code="a">Illumination of books and manuscripts</subfield>
            <subfield code="z">England</subfield>
            <subfield code="z">London</subfield>
            <subfield code="v">Catalogs.</subfield>
          </datafield>
          <datafield tag="650" ind1=" " ind2="0">
            <subfield code="a">Islamic calligraphy</subfield>
            <subfield code="z">India</subfield>
            <subfield code="v">Catalogs.</subfield>
          </datafield>
          <datafield tag="610" ind1="2" ind2="0">
            <subfield code="a">Victoria and Albert Museum.</subfield>
            <subfield code="b">Indian Section</subfield>
            <subfield code="v">Catalogs.</subfield>
          </datafield>
          <datafield tag="700" ind1="1" ind2=" ">
            <subfield code="a">Clarke, C. Stanley.</subfield>
          </datafield>
          <datafield tag="700" ind1="1" ind2=" ">
            <subfield code="a">Wantage, Harriet Sarah Loyd-Lindsay,</subfield>
            <subfield code="c">Baroness,</subfield>
            <subfield code="d">1837-1920.</subfield>
          </datafield>
          <datafield tag="991" ind1=" " ind2=" ">
            <subfield code="b">c-GenColl</subfield>
            <subfield code="h">ND1337.I5</subfield>
            <subfield code="i">V52 1977</subfield>
            <subfield code="t">Copy 1</subfield>
            <subfield code="w">BOOKS</subfield>
          </datafield>
        </record>
      </zs:recordData>
      <zs:recordPosition>1</zs:recordPosition>
    </zs:record>